<record><leader>00000cas a2200000 a 4500</leader><controlfield tag="001">19762231</controlfield><controlfield tag="008">890525d194019uukyuwr ne      0    0eng d</controlfield><datafield ind1=" " ind2=" " tag="010"><subfield code="a">sn 89058424 </subfield></datafield><datafield ind1=" " ind2=" " tag="040"><subfield code="a">KNP</subfield><subfield code="b">eng</subfield><subfield code="c">KNP</subfield><subfield code="d">OCL</subfield><subfield code="d">OCLCQ</subfield><subfield code="d">KYUBL</subfield><subfield code="d">OCLCQ</subfield><subfield code="d">OCLCF</subfield><subfield code="d">OCLCO</subfield></datafield><datafield ind1=" " ind2=" " tag="042"><subfield code="a">msc</subfield></datafield><datafield ind1=" " ind2=" " tag="043"><subfield code="a">n-us-ky</subfield></datafield><datafield ind1="0" ind2=" " tag="130"><subfield code="a">Wilmore news (Wilmore, Ky. : 1940)</subfield></datafield><datafield ind1="1" ind2="4" tag="245"><subfield code="a">The Wilmore news.</subfield></datafield><datafield ind1=" " ind2=" " tag="260"><subfield code="a">Wilmore, Ky. :</subfield><subfield code="b">Chas. Ottley Morris</subfield></datafield><datafield ind1=" " ind2=" " tag="300"><subfield code="a">v. :</subfield><subfield code="b">ill.</subfield></datafield><datafield ind1=" " ind2=" " tag="310"><subfield code="a">Weekly</subfield></datafield><datafield ind1=" " ind2=" " tag="515"><subfield code="a">Continues the numbering of the Wilmore enterprise.</subfield></datafield><datafield ind1=" " ind2=" " tag="588"><subfield code="a">Description based on: Vol. 27, no. 5 (May 10, 1940).</subfield></datafield><datafield ind1=" " ind2="0" tag="651"><subfield code="a">Wilmore (Ky.)</subfield><subfield code="v">Newspapers.</subfield></datafield><datafield ind1=" " ind2="0" tag="651"><subfield code="a">Jessamine County (Ky.)</subfield><subfield code="v">Newspapers.</subfield></datafield><datafield ind1=" " ind2="7" tag="655"><subfield code="a">Newspapers.</subfield><subfield code="2">fast</subfield><subfield code="0">(OCoLC)fst01423814</subfield></datafield><datafield ind1=" " ind2="7" tag="651"><subfield code="a">Kentucky</subfield><subfield code="z">Jessamine County.</subfield><subfield code="2">fast</subfield><subfield code="0">(OCoLC)fst01205726</subfield></datafield><datafield ind1=" " ind2="7" tag="651"><subfield code="a">Kentucky</subfield><subfield code="z">Wilmore.</subfield><subfield code="2">fast</subfield><subfield code="0">(OCoLC)fst01217723</subfield></datafield><datafield ind1=" " ind2=" " tag="752"><subfield code="a">United States</subfield><subfield code="b">Kentucky</subfield><subfield code="c">Jessamine</subfield><subfield code="d">Wilmore.</subfield></datafield><datafield ind1="0" ind2="0" tag="780"><subfield code="t">Wilmore enterprise</subfield><subfield code="w">(DLC)sn 89058423</subfield></datafield></record>